<?xml version="1.0" encoding="UTF-8"?><collection xmlns="http://www.loc.gov/MARC21/slim"><record><leader>00440nam--2200133-i-4500</leader><controlfield tag="001">000003406</controlfield><controlfield tag="002">20161230</controlfield><controlfield tag="005">20161230201025</controlfield><controlfield tag="008">060222s1000------------r-----000-0-eng-d</controlfield><datafield ind1=" " ind2=" " tag="080"><subfield code="a">53(07)</subfield></datafield><datafield ind1=" " ind2=" " tag="100"><subfield code="a">Bruhat, Marc</subfield></datafield><datafield ind1=" " ind2=" " tag="245"><subfield code="a">Cours de physique pour les classes de mathemat ique speciales sous la direction de j.faivre- dupaigre et l.lamirand. i:optique.onzieme edition</subfield></datafield><datafield ind1=" " ind2=" " tag="260"><subfield code="a">Paris, Masson Et C-ie Editeurs, 1939. 446 P</subfield></datafield><datafield ind1=" " ind2=" " tag="852"><subfield code="a">756</subfield></datafield></record></collection>